3309 5425
844 682 1021 745 ...16-

464 878 539 945 tur,
572 886 629 929 cnr
662 862 777 929 nebula
803 865 867 930 sive
897 862 1068 956 particulae
1100 859 1190 929 valde
1215 859 1328 928 divisae
1350 861 1394 928 ed

461 1000 608 1060 magnum
631 1000 745 1067 corpus
761 973 897 1044 solidum
915 975 1161 1060 condensentur3
1195 999 1254 1041 nec
1272 977 1396 1066 probe·

460 1091 553 1158 bilior
590 1090 782 1158 Chladnii
820 1090 944 1159 videtur
968 1093 1145 1175 sententia,
1170 1088 1395 1158 contendentis

461 1205 594 1273 calorem
618 1223 650 1271 et
675 1207 892 1274 vehementem
916 1209 1054 1274 sonitum
1078 1208 1154 1275 oriri
1182 1230 1393 1297 ecompres·

459 1325 546 1389 sione
575 1323 653 1388 aeris
693 1322 951 1415 atmosphaerici,
997 1348 1099 1414 quum
1127 1339 1211 1390 certe
1232 1321 1341 1406 globi,
1377 1348 1396 1386 a

463 1440 624 1506 tormentis
659 1439 771 1525 ejecti,
811 1438 973 1505 celerrimo
1009 1455 1099 1505 motu
1127 1463 1193 1504 non
1224 1435 1395 1520 calefiant3

460 1552 630 1622 Mnneke
663 1570 771 1621 eontra
803 1571 889 1621 recte
920 1553 1052 1621 calorem
1083 1554 1195 1619 tribuit
1223 1553 1396 1619 combina-

464 1658 553 1737 tloni'
565 1669 723 1736 chemicee
743 1668 939 1737 metallorum
959 1695 1033 1737 cum
1054 1669 1226 1759 oxygonio,
1242 1667 1397 1758 sulphure

463 1801 495 1850 et
519 1785 635 1868 silicio,
655 1782 710 1850 sed
736 1785 839 1850 minus
860 1801 946 1852 recte
967 1785 1151 1877 ruptionem
1176 1807 1194 1849 e
1215 1784 1318 1849 subite
1338 1806 1396 1848 re·
1427 1767 1429 1774 ¹

463 1902 663 1987 frigeratione
688 1900 834 1990 explicat.

506 2019 535 2083 Ε
548 2018 636 2083 brevi
649 2016 746 2083 haece
759 2017 912 2082 variarum
924 2015 1149 2080 sententiarum
1161 2015 1342 2080 recensione
1352 2010 1397 2102 (¹)
1443 2022 1447 2037 ’

463 2133 535 2199 satis
554 2148 642 2223 potet
664 2147 873 2218 postremam,
894 2154 974 2220 quae
990 2128 1108 2222 lapides
1122 2116 1398 2198 meteoricoscor·

466 2273 543 2336 pora
571 2271 634 2313 esse
664 2246 851 2330 contendit,
874 2270 954 2335 quae
974 2247 1009 2310 in
1027 2262 1188 2335 systemate
1210 2262 1317 2313 nostro
1339 2271 1407 2328 sos

465 2365 522 2431 lari
562 2362 868 2445 circumvehuntur,
910 2361 1003 2428 unice
1031 2363 1095 2428 veri
1135 2360 1267 2428 similem
1307 2386 1394 2448 esse3

464 2479 675 2569 quamobrem
692 2475 733 2542 de
750 2475 847 2543 hacce
866 2475 973 2568 paullo
992 2475 1089 2542 fusius
1107 2501 1241 2563 egemus,
1260 2494 1398 2568 etprae-

464 2596 562 2684 cipue
586 2616 721 2675 nexum,
754 2592 812 2682 qui
839 2592 922 2657 inter
949 2617 1081 2682 corpora
1110 2593 1225 2660 haecce
1241 2609 1277 2659 ct
1296 2611 1398 2661 cetera

465 2712 637 2801 systematis
654 2707 752 2775 nostri
771 2731 902 2800 corpora
914 2724 1033 2775 exstare
1046 2706 1182 2797 videtur,
1194 2729 1397 2802 exponamus.

462 2884 678 2900 μ

503 2987 532 3055 (¹1
551 2984 600 3051 Qui
621 2986 698 3053 plura
717 2984 749 3038 de
765 2982 904 3038 sententiis
921 2983 993 3037 hisee
1014 3000 1172 3052 cognoscere
1187 2984 1274 3054 cupit,
1293 2992 1397 3053 praeter

465 3086 555 3138 tontes
574 3098 641 3151 quos
654 3080 749 3146 attuli,
768 3080 847 3134 ctiam
864 3080 982 3134 conteret
999 3085 1022 3134 J.
1039 3085 1064 3134 S.
1083 3087 1114 3137 T.
1133 3082 1284 3137 Gehler's
1301 3081 1397 3151 Physi-

466 3178 598 3234 knliseltes
612 3178 798 3242 Wo'rterbuoh,
817 3180 895 3244 1837,
914 3192 975 3232 voce
990 3179 1166 3234 Meteorrteie.
