3309 5425
638 667 832 729 ...75-

271 876 347 958 sofi,
386 878 498 945 cobai'ti
531 894 563 944 et
590 879 735 965 magnesii
756 876 958 971 praecipitata
978 890 1069 959 sunt,
1093 875 1198 943 omnia

269 992 383 1062 haecce
404 996 609 1088 praecipitata
634 1007 763 1062 tractata
785 1009 861 1060 sunt
882 990 1059 1062 secundum
1069 992 1199 1062 metho-

265 1108 344 1179 dum
360 1111 395 1177 in
419 1110 531 1201 analysi
560 1110 696 1203 pulveris
717 1134 784 1179 non
794 1110 959 1197 magnetiei
970 1126 1193 1194 memoratam

266 1225 383 1292 axalate
392 1231 563 1295 ammoniae
575 1228 697 1295 nullutn
712 1227 805 1295 calcis
817 1227 1059 1322 praecipitatum
1070 1242 1192 1306 ortum,

266 1366 367 1430 quum
389 1366 463 1410 vero
485 1341 657 1429 aluminata,
679 1341 771 1411 sodae
792 1359 827 1409 et
847 1357 984 1433 potassae
995 1343 1150 1434 quantitas
1160 1343 1195 1408 in

263 1456 393 1548 pulvere
413 1484 479 1527 non
502 1460 676 1547 magnetiso
698 1460 866 1549 perexigua
888 1459 1015 1525 inventa
1037 1474 1138 1541 esset,
1162 1460 1196 1524 in

264 1574 361 1642 hacce
385 1575 499 1667 analysi
521 1600 629 1643 earum
653 1576 810 1665 quantitas
832 1600 900 1642 non
922 1573 1054 1642 definita
1076 1591 1140 1658 est,
1163 1590 1195 1640 at

263 1688 384 1759 idcirco
405 1691 518 1760 solutio
539 1708 611 1785 post
634 1692 923 1783 praecipitationem
940 1715 1001 1782 ope
1018 1690 1196 1780 sulphureti

263 1809 432 1891 ammonii,
465 1806 505 1874 ad
535 1808 841 1898 siccitatem'²nsque
870 1823 1034 1899 evaporata
1060 1824 1128 1889 est,
1162 1825 1195 1873 et

264 1922 364 1991 calore
386 1922 600 1991 chloruretum
617 1924 767 1991 ammonii
785 1940 833 1989 est
845 1940 1019 2014 remotum,
1033 1922 1195 1991 residuum

262 2024 476 2106 humefactam
497 2033 547 2106 ¹es't
568 2037 658 2106 'acido
676 2037 881 2131 suip'hut'iho,
893 2030 1065 2106 'etdainde
1083 2043 1192 2107 abun-

204 2205 207 2212 .
262 2152 341 2220 dans
362 2152 488 2221 acidum
508 2126 728 2243 sulphuriatim
746 2154 848 2222 cainan
866 2167 1094 2238 astaemotum,
1112 2157 1195 2221 sesi-'

263 2265 364 2335 duum
387 2287 530 2337 constans
551 2294 590 2336 ex
609 2269 757 2361 sulphata
774 2272 946 2356 magnesiae
961 2287 992 2336 et
1005 2273 1194 2358 manganesii

264 2385 406 2475 pondere
437 2402 484 2454 eat
517 2379 707 2472 definitum,
738 2386 855 2454 deinde
884 2388 1018 2455 solutum
1049 2390 1083 2454 in
1107 2394 1191 2481 aqui

264 2500 380 2586 catina,
403 2518 436 2568 et
457 2501 646 2569 &solutione
674 2501 860 2595 sulphurato
880 2495 1028 2572 amm'o'nii
1058 2530 1194 2594 manga,

262 2620 383 2685 nesium
405 2634 452 2685 est
473 2620 710 2712 praecipitatum
722 2669 733 2702 ‚
745 2625 748 2630 ⁴
762 2619 851 2712 quad
868 2622 903 2687 in
924 2621 1012 2690 filtro
1025 2624 1191 2690 collectum

263 2752 296 2802 et
319 2734 419 2802 lotum
450 2751 516 2818 est,
547 2736 675 2828 sulphas
706 2739 895 2823 manganesii
922 2739 1058 2805 solutum
1085 2743 1189 2806 estin

263 2849 352 2917 acido
374 2848 617 2942 hydrochlorico
635 2849 754 2935 dilate,
772 2855 867 2941 equi
883 2852 1033 2920 solutione
1048 2852 1190 2944 asydum
1214 2880 1216 2882 ·

263 2966 449 3053 manganesii
470 2963 570 3034 modo
585 2991 679 3058 supra
696 2983 866 3035 memorato
882 2985 928 3034 est
943 2987 1121 3058 separatum
1136 2970 1189 3058 (¹)·

256 3147 362 3164 *-

299 3227 329 3292 (1)
345 3225 394 3290 Qui
418 3227 494 3294 ptura
512 3226 544 3280 da
564 3224 636 3279 hisce
657 3225 809 3294 analysihus
830 3228 897 3284 aare
913 3229 987 3301 eupit
1007 3231 1076 3286 coni.
1099 3231 1192 3288 Schei-

262 3320 380 3393 inunge
396 3321 643 3391 Ondetzsekingan,
663 3327 693 3377 T.
712 3327 744 3376 11.
